@misc{kingma2017adam,
      title={Adam: A Method for Stochastic Optimization}, 
      author={Diederik P. Kingma and Jimmy Ba},
      year={2017},
      eprint={1412.6980},
      archivePrefix={arXiv},
      primaryClass={cs.LG}
}
@misc{yarotsky2017error,
      title={Error bounds for approximations with deep ReLU networks}, 
      author={Dmitry Yarotsky},
      year={2017},
      eprint={1610.01145},
      archivePrefix={arXiv},
      primaryClass={cs.LG}
}
@misc{gühring2020approximation,
      title={Approximation Rates for Neural Networks with Encodable Weights in Smoothness Spaces}, 
      author={Ingo Gühring and Mones Raslan},
      year={2020},
      eprint={2006.16822},
      archivePrefix={arXiv},
      primaryClass={math.FA}
}
@misc{mishra2020enhancing,
      title={Enhancing accuracy of deep learning algorithms by training with low-discrepancy sequences}, 
      author={Siddhartha Mishra and T. Konstantin Rusch},
      year={2021},
}
@article{Lye_2021,
   title={Iterative surrogate model optimization (ISMO): An active learning algorithm for PDE constrained optimization with deep neural networks},
   volume={374},
   ISSN={0045-7825},
   url={http://dx.doi.org/10.1016/j.cma.2020.113575},
   DOI={10.1016/j.cma.2020.113575},
   journal={Computer Methods in Applied Mechanics and Engineering},
   publisher={Elsevier BV},
   author={Lye, Kjetil O. and Mishra, Siddhartha and Ray, Deep and Chandrashekar, Praveen},
   year={2021},
   month={Feb},
   pages={113575}
}
@misc{lye2020multilevel,
      title={A Multi-level procedure for enhancing accuracy of machine learning algorithms}, 
      author={Kjetil O. Lye and Siddhartha Mishra and Roberto Molinaro},
      year={2020},
      eprint={1909.09448},
      archivePrefix={arXiv},
      primaryClass={math.NA}
}